@article{gidea2018topological,
  title={Topological data analysis of financial time series: Landscapes of crashes},
  author={Gidea, Marian and Katz, Yuri},
  journal={Physica A: Statistical Mechanics and its Applications},
  volume={491},
  pages={820--834},
  year={2018},
  publisher={Elsevier}
}

@article{chazal2017introduction,
  title={An introduction to Topological Data Analysis: fundamental and practical aspects for data scientists},
  author={Chazal, Fr{\'e}d{\'e}ric and Michel, Bertrand},
  journal={arXiv preprint arXiv:1710.04019},
  year={2017}
}