@book{nestruev,
  title={Smooth manifolds and observables},
  author={Nestruev, Jet},
  volume={220},
  year={2006},
  publisher={Springer Science \& Business Media}
}